@book{Hein2013,
  title={Einf{\"u}hrung in die Struktur-und Darstellungstheorie der klassischen Gruppen},
  author={Hein, Wolfgang},
  year={2013},
  publisher={Springer-Verlag}
}

@book{Fulton2013,
  title={Representation theory: a first course},
  author={Fulton, William and Harris, Joe},
  volume={129},
  year={2013},
  publisher={Springer Science \& Business Media}
}

@article{Maschke1899,
  title={Beweis des Satzes, dass diejenigen endlichen linearen Substitutionsgruppen, in welchen einige durchgehends verschwindende Coefficienten auftreten, intransitiv sind},
  author={Maschke, Heinrich},
  journal={Mathematische Annalen},
  volume={52},
  number={2},
  pages={363--368},
  year={1899},
  publisher={Springer-Verlag}
}
